@article{hui07,
	author	= 	"Hui, W. H.",
	title		=	"The Unified Coordinate System in Computational Fluid Dynamics",
	year		=	"2007",
	journal	= 	"Communications in Computational Physics",
	volume	=	"2",
	number	=	"4",
	pages	=	"577--610",
	month	=	"August"
}

@article{hui99,
	author	=	"Hui, W. H. and Li, P. Y. and Li, Z. W.",
	title		=	"A Unified Coordinate System for Solving the Two-Dimensional Euler Equations",
	year		=	"1999",
	journal	=	"Journal of Computational Physics",
	volume	=	"153",
	pages	=	"596--673",
}

@article{hui01,
	author	=	"Hui, W. H. and Kudriakov, S.",
	title		=	"A Unified Coordinate System for Solving the Three-Dimensional Euler Equations",
	year		=	"2001",
	journal	=	"Journal of Computational Physics",
	volume	=	"172",
	pages	=	"235--260",
	month	=	"January"
}

@article{huiviscous07,
	author	=	"Hui, W.H. and Wu, Z. N. and Gao, B.",
	title  		=	"Preliminary Extension of the Unified Coordinate System Approach to Computation of Viscous Flows",
	year		=	"2007",
	journal 	=	"Journal of Scientific Computing",
	volume	=	"30",
	number	=	"2",
	pages	=	"301--344",
	month 	=	"February"
}

@article{hui04,
	author	=	"Hui, W. H.",
	title 		=	"A unified coordinates approach to computational fluid dynamics",
	year		=	"2004",
	journal	=	"Journal of Computational and Applied Mathematics",
	volume	=	"163",
	pages	=	"15--28",
}
@incollection {huigridless,
   author = {Hui, W. and Hu, J. and Zhao, G.},
   affiliation = {Hong Kong University of Science &amp; Technology Hong Kong},
   title = {Gridless Computation Using the Unified Coordinates},
   booktitle = {Computational Fluid Dynamics 2004},
   editor = {Groth, Clinton and Zingg, David W.},
   publisher = {Springer Berlin Heidelberg},
   isbn = {978-3-540-31801-9},
   keyword = {Engineering},
   pages = {503-508},
   url = {http://dx.doi.org/10.1007/3-540-31801-1_71},
   year = {2006}
}

@inproceedings{hui05,
	author	=	"Hui, W. H. and Zhao, G. P. and Hu, J. J. and Zheng, Y.",
	title		=	"Flow-generated-Grids -- Gridless Computation Using the Unified Coordinates", 
	booktitle	=	"Proceedings of the 9th International Conference on Numerical Grid Generation",
	year		=	"2005",
	month	=	"June",
	pages	=	"111-121",
	address	=	"San Jose, CA"
}

@article{jia06,
	author	=	"Jia, P. and Jiang, S. and Zhao, G.",
	title		=	"Two-dimensional compressible multimaterial flow calculations in a unified coordinate system",
	year		=	"2006",
	journal	=	"Computers and Fluids",
	volume	=	"35",
	pages	=	"168--188",
}

@article{jin07,
	author	=	"Jin, C. and Xu, K.",
	title		=	"A unified moving grid gas-kinetic method in Eulerian space for viscous flow computation",
	year		=	"2007",
	journal	=	"Journal of Computational Physics",
	volume	=	"2007",
	pages	=	"155--175",
}

@article{jin08,
	author	=	"Jin,C. and Xu, K.",
	title		=	"Numerical Study of the Unsteady Aerodynamics of Freely Falling Plates",
	year		=	"2008",
	journal	=	"Communications in Computational Physics",
	volume	=	"3",
	number	=	"4",
	pages	=	"834--851",
	month	=	"April"
}

@book{anderson84,
	author	=	"Anderson, D. A. and Tannehill, J. C. and Pletcher, R. H.",
	title		=	"Computational Fluid Mechanics and Heat Transfer",
	publisher	=	"Hemisphere Publishing Corporation",
	year		=	"1984",
}

@book{toro99,
	author	=	"Toro, E. F.",
	title		=	"Riemann Solvers and Numerical Methods for Fluid Dynamics, A Practical Introduction",
	edition	=	"2nd",
	publisher	=	"Springer-Verlag",
	year		=	"1999",
}

@book{schlichtingblayer,
	author	=	"Schlichting, H. and Gersten, K.",
	title	=	"Boundary Layer Theory",
	edition = 	"8th",
	publisher = 	"Springer-Verlag",
	year	=	"2000",
	chapter = 	"2",
}

@article{azarenok05,
title = "Second-order Godunov-type scheme for reactive flow calculations on moving meshes",
journal = "Journal of Computational Physics",
volume = "206",
number = "1",
pages = "48 - 80",
year = "2005",
note = "",
issn = "0021-9991",
doi = "DOI: 10.1016/j.jcp.2004.12.002",
url = "http://www.sciencedirect.com/science/article/pii/S0021999104004930",
author = "Azarenok, B. N. and Tang T.",
keywords = "Detonation wave",
keywords = "Second-order Godunov-type scheme",
keywords = "Moving mesh"
}

@article{popov05,
author = "Popov, B. and Trifonov, O.",
title = "Order of Convergence of Second Order Schemes Based on the Minmod Limiter",
journal = "Mathematics of Computation",
volume = "75",
number = "256",
pages = "1735 - 1753",
year = "2006"
}

@article{sabac97,
     jstor_articletype = {research-article},
     title = {The Optimal Convergence Rate of Monotone Finite Difference Methods for Hyperbolic Conservation Laws},
     author = {Sabac, F.},
     journal = {SIAM Journal on Numerical Analysis},
     jstor_issuetitle = {},
     volume = {34},
     number = {6},
     jstor_formatteddate = {Dec., 1997},
     pages = {pp. 2306-2318},
     url = {http://www.jstor.org/stable/2951952},
     ISSN = {00361429},
     abstract = {We are interested in the rate of convergence in L1 of the approximate solution of a conservation law generated by a monotone finite difference scheme. Kuznetsov has proved that this rate is 1/2 [USSR Comput. Math. Math. Phys., 16 (1976), pp. 105-119 and Topics Numer. Anal. III, in Proc. Roy. Irish Acad. Conf., Dublin, 1976, pp. 183-197], and recently Teng and Zhang have proved this estimate to be sharp for a linear flux [SIAM J. Numer. Anal., 34 (1997), pp. 959-978]. We prove, by constructing appropriate initial data for the Cauchy problem, that Kuznetsov's estimates are sharp for a nonlinear flux as well.},
     language = {English},
     year = {1997},
     publisher = {Society for Industrial and Applied Mathematics},
     copyright = {Copyright © 1997 Society for Industrial and Applied Mathematics},
    }

@book{hirsch07,
	author	= 	"Hirsch, C.",
	title		=	"Numerical Computation of Internal and External Flows",
	edition	=	"2nd",
	publisher	=	"Elsevier",
	year		=	"2007",
}	

@book{cebeci05,
	author	=	"Cebeci, T. and Cousteix, J.",
	title		=	"Modeling and Computation of Boundary-Layer Flows",
	edition	=	"2nd",
	publisher	=	"Springer",
	year		=	"2005",
}

@article{chen07,
	author	=	"Chen, Z. and Gao, B. and Wu, Z.",
	title		=	"Compressible flow equations based on moving coordinates determined by the wave speed",
	year		=	"2007",
	journal	=	"International Journal for Numerical Methods in Fluids",
	volume	=	"53",
	pages	=	"149--174"
}

@article{zhilkin07,
	author	=	"Zhilkin, A.G.",
	title		=	"A Dynamic Mesh Adaptation Method for Magnetohydrodynamics Problems",
	year		=	"2007",
	journal	=	"Computational Mathematics and Mathematical Physics",
	volume	=	"47",
	pages	=	"1819--1832",
	number	=	"11"
}

@article{hui08,
	author	=	"Hui, W.H. and Hu, J.J. and Shyue, K.M.",
	title		=	"Role of coordinates in computational fluid dynamics",
	year		=	"2008",
	volume	=	"22",
	pages	=	"3--9",
	journal	=	"International Journal of Computational Fluid Dynamics"
}

@article{kudriakov08,
	author	=	"Kudriakov, S. and Hui, W.H.",
	title		=	"On a new defect of shock-capturing methods",
	year		=	"2008",
	journal	=	"Journal of Computational Physics",
	volume	=	"227",
	pages	=	"2105--2117"
}

@article{wu02,
	author	=	"Wu, Z.",
	title		=	"A Note on the Unified Coordinate System for Computing Shock Waves",
	journal	=	"Journal of Computational Physics",
	volume	=	"180",
	pages	=	"110--119",
	year		=	"2002"
}

@article{roache97,
	author	=	"Roache, P.J.",
	title		=	"Quantification of Uncertainty in Computational Fluid Dynamics",
	year		=	"1997",
	journal	=	"Annual Review of Fluid Mechanics",
	volume	=	"29",
	pages	=	"123--160"
}

@book{anderson_hypersonic,
	author	=	"Anderson, J. D.",
	title		=	"Hypersonic and High-Temperature Gas Dynamics",
	publisher	=	"American Institute of Aeronautics and Astronautics",
	year		=	"2006",
	edition		=	"2nd",
	series		=	"AIAA Education Series",
	note		=	""
}

@incollection {rizzi76,
   author = {Rizzi, A. and Bailey, H.},
   affiliation = {NASA, Ames Research Center, 94035 Moffett Field, CA USA},
   title = {Finite-volume solution of the Euler equations for steady three-dimensional transonic flow},
   booktitle = {Proceedings of the Fifth International Conference on Numerical Methods in Fluid Dynamics June 28 – July 2, 1976 Twente University, Enschede},
   series = {Lecture Notes in Physics},
   editor = {van de Vooren, Adriaan and Zandbergen, Pieter},
   publisher = {Springer Berlin / Heidelberg},
   isbn = {978-3-540-08004-6},
   keyword = {Physics and Astronomy},
   pages = {347-352},
   volume = {59},
   year = {1976}
}

@inproceedings{woodsCFD11,
	author	=	"Woods, C. N. and Starkey, R. P.",
	title		=	{Verification and application of the unified coordinate system in preliminary design}, 
	booktitle	=	"Proceedings of the 20th AIAA Computational Fluid Dynamics Conference",
	year		=	"2011",
	month	=	"June",
	address	=	"Honolulu, HI"
}

@inproceedings{woodsJPC11,
	author	=	"Woods, C. N. and Starkey, R. P.",
	title		=	{Propulsion flowpath design using an automatic-mesh, Eulerian/Lagrangian CFD approach}, 
	booktitle	=	"Proceedings of the 47th AIAA/ASME/SAE/ASEE Joint Propulsion Conference \& Exhibit",
	year		=	"2011",
	month	=	"July",
	address	=	"San Diego, CA"
}

@article{jameson97,
	title={Re-Engineering the Design Process Through Computation},
	volume={36},
	url={http://doi.aiaa.org/10.2514/2.2412},
	month={January},
	journal={Journal of Aircraft},
	author={Jameson, A},
	year={1997},
	pages={36--50}
}

@inproceedings{steinthorsson95,
   author = {{Steinthorsson}, E. and {Modiano}, D.},
    title = "{Advanced methodology for simulation of complex flows using structured grid systems}",
 keywords = {APPLICATIONS PROGRAMS (COMPUTERS), COMPUTATIONAL FLUID DYNAMICS, COMPUTERIZED SIMULATION, FLOW VISUALIZATION, GRID GENERATION (MATHEMATICS), COMPUTATIONAL GRIDS, COMPUTER TECHNIQUES, VISCOUS FLOW},
booktitle = {Surface Modeling, Grid Generation, and Related Issues in Computational Fluid Dynamic (CFD) Solutions p 697-710 (SEE N95-28723 10-02)},
     year = 1995,
    month = mar,
    pages = {697-710},
   adsurl = {http://adsabs.harvard.edu/abs/1995smgg.nasa..697S},
  adsnote = {Provided by the SAO/NASA Astrophysics Data System}
}

@article{boeing05,
title = {Thirty years of development and application of CFD at Boeing Commercial Airplanes, Seattle},
journal = "Computers \& Fluids",
volume = "34",
number = "10",
pages = "1115 - 1151",
year = "2005",
note = "",
issn = "0045-7930",
doi = "10.1016/j.compfluid.2004.06.005",
url = "http://www.sciencedirect.com/science/article/pii/S0045793005000125",
author = "Johnson, F.T. and Tinoco, E.N. and Yu, N.J."
}

@article{badcock00,
title = "Elements of computational fluid dynamics on block structured grids using implicit solvers",
journal = "Progress in Aerospace Sciences",
volume = "36",
number = "5-6",
pages = "351 - 392",
year = "2000",
note = "",
issn = "0376-0421",
doi = "10.1016/S0376-0421(00)00005-1",
url = "http://www.sciencedirect.com/science/article/pii/S0376042100000051",
author = "Badcock, K.J. and Richards, B.E. and Woodgate, M.A."
}

@techreport{IDAreview05,
	title	=	{Review of CFD Capabilities},
	author	=	"Garretson, D. and Mair, H. and Martin, C. and Sullivan, K. and Teichman, J.",
	month	=	"September",
	year 	=	"2005",
	institution	=	"Institute for Defense Analyses, Science \& Technology Division",
	address="Alexandria, VA"
}

@techreport{venkatakrishnan95,
	title	=	"A Perspective on Unstructured Grid Flow Solvers",
	author	=	"Venkatakrishnan, V.",
	month	=	"February",
	year 	=	"1995",
	institution	=	"Institute for Computer Applications in Science and Engineering, NASA Langley Research Center",
	address="Hampton, VA"
}

@book{anderson2004modern,
  title={Modern compressible flow: with historical perspective},
  author={Anderson, J.D.},
  isbn={9780071241366},
  lccn={2002067852},
  series={McGraw-Hill series in aeronautical and aerospace engineering},
  url={http://books.google.com/books?id=bdy\_PwAACAAJ},
  year={2004},
  publisher={McGraw-Hill}
}

@unpublished{huimulti,
    author = "Hui, W.H. and Zhao, G.P. and Hu, J.H. and Zheng, Y.",
    title  = {Gridless Computation of Two Dimensional Flow Using the Unified Coordinates},
    url    = {www.math.ust.hk/faculty/whhui/gridless.pdf}
}

